
@book{test,
  author         = {test},
  editor         = {Trond},
  publisher      = {UiO},
  title          = {test bok},
  year           = {2030}
}