
@book{BO,
    title={TMA4212 Numerical solution of partial differential
equations with finite difference methods},
    author={Brynjulf Owren},
    publisher={NTNU},
    year={2017}
}

@book{CC,
    title={TMA4212 Part 2: Introduction to finite element methods},
    author={Charles Curry},
    publisher={NTNU},
    year={2018}
}

@book{ERJ,
    title={Various lecture notes for the course TMA4212},
    author={Espen R. Jakobsen},
    publisher={NTNU},
    year={2024}
}

