
@book{test,
  author         = {test},
  editor         = {Trond},
  publisher      = {UiO},
  title          = {test bok},
  year           = {2030}
}

@misc{Halle2017Multiple,
  author    = {Kari K. Halle and Ã˜yvind Bakke and Mette Langaas},
  title     = {Multiple Hypothesis Testing},
  year      = {2017},
  howpublished = {Course material for TMA4267 Linear Statistical Models},
}

@misc{Tyssedal,
  author = {John Tyssedal},
  title = {Design of Experiments},
  howpublished = {NTNU Course Material},
  note = {Available online}
}